<?xml version="1.0" encoding="UTF-8"?><collection xmlns="http://www.loc.gov/MARC21/slim"><record><leader>00417nam--2200145-i-4500</leader><controlfield tag="001">000010504</controlfield><controlfield tag="002">20161230</controlfield><controlfield tag="005">20161230201028</controlfield><controlfield tag="008">060222s1000------------r-----000-0-eng-d</controlfield><datafield ind1=" " ind2=" " tag="080"><subfield code="a">614.876</subfield></datafield><datafield ind1=" " ind2=" " tag="100"><subfield code="a">Boetiu, I</subfield></datafield><datafield ind1=" " ind2=" " tag="245"><subfield code="a">Einfluss der kontaminanten auf die dekontamini erbarkeit von kunsststoffen</subfield></datafield><datafield ind1=" " ind2=" " tag="260"><subfield code="a">Berlin, Staatliche Zentrale Fur Strahlenschutz 1972. 25-30 Pp</subfield></datafield><datafield ind1=" " ind2=" " tag="490"><subfield code="a">Report Szs</subfield></datafield><datafield ind1=" " ind2=" " tag="852"><subfield code="a">37967</subfield></datafield></record></collection>